@book {MR3308118,
    AUTHOR = {Bre\v{s}ar, Matej},
     TITLE = {Introduction to noncommutative algebra},
    SERIES = {Universitext},
 PUBLISHER = {Springer, Cham},
      YEAR = {2014},
     PAGES = {xxxviii+199},
      ISBN = {978-3-319-08692-7; 978-3-319-08693-4},
   MRCLASS = {16-01},
  MRNUMBER = {3308118},
MRREVIEWER = {Plamen Koshlukov},
       DOI = {10.1007/978-3-319-08693-4},
       URL = {https://doi.org/10.1007/978-3-319-08693-4},
}
@article {MR12271,
    AUTHOR = {Jacobson, N.},
     TITLE = {The radical and semi-simplicity for arbitrary rings},
   JOURNAL = {Amer. J. Math.},
  FJOURNAL = {American Journal of Mathematics},
    VOLUME = {67},
      YEAR = {1945},
     PAGES = {300--320},
      ISSN = {0002-9327},
   MRCLASS = {09.1X},
  MRNUMBER = {12271},
MRREVIEWER = {C. Chevalley},
       DOI = {10.2307/2371731},
       URL = {https://doi.org/10.2307/2371731},
}
@article {MR1879880,
    AUTHOR = {Smoktunowicz, Agata},
     TITLE = {On some results related to {K}\"{o}the's conjecture},
   JOURNAL = {Serdica Math. J.},
  FJOURNAL = {Serdica. Mathematical Journal. Serdika. Matematichesko
              Spisanie},
    VOLUME = {27},
      YEAR = {2001},
    NUMBER = {2},
     PAGES = {159--170},
      ISSN = {1310-6600},
   MRCLASS = {16N40},
  MRNUMBER = {1879880},
MRREVIEWER = {Miguel Ferrero},
}
@incollection {MR2275597,
    AUTHOR = {Smoktunowicz, Agata},
     TITLE = {Some results in noncommutative ring theory},
 BOOKTITLE = {International {C}ongress of {M}athematicians. {V}ol. {II}},
     PAGES = {259--269},
 PUBLISHER = {Eur. Math. Soc., Z\"{u}rich},
      YEAR = {2006},
   MRCLASS = {16-02 (16D60 16N20 16N40 16N60 16P90)},
  MRNUMBER = {2275597},
MRREVIEWER = {Jason P. Huffman},
}
@article {MR3169522,
    AUTHOR = {Nielsen, Pace P.},
     TITLE = {Simplifying {S}moktunowicz's extraordinary example},
   JOURNAL = {Comm. Algebra},
  FJOURNAL = {Communications in Algebra},
    VOLUME = {41},
      YEAR = {2013},
    NUMBER = {11},
     PAGES = {4339--4350},
      ISSN = {0092-7872},
   MRCLASS = {16N40 (16S36)},
  MRNUMBER = {3169522},
MRREVIEWER = {Francesco Catino},
       DOI = {10.1080/00927872.2012.695838},
       URL = {https://doi.org/10.1080/00927872.2012.695838},
}
@article {MR1793911,
    AUTHOR = {Smoktunowicz, Agata},
     TITLE = {Polynomial rings over nil rings need not be nil},
   JOURNAL = {J. Algebra},
  FJOURNAL = {Journal of Algebra},
    VOLUME = {233},
      YEAR = {2000},
    NUMBER = {2},
     PAGES = {427--436},
      ISSN = {0021-8693},
   MRCLASS = {16S36 (16N40)},
  MRNUMBER = {1793911},
MRREVIEWER = {J. Hausen},
       DOI = {10.1006/jabr.2000.8451},
       URL = {https://doi.org/10.1006/jabr.2000.8451},
}
@inproceedings {MR0347873,
    AUTHOR = {Amitsur, S. A.},
     TITLE = {Nil radicals. {H}istorical notes and some new results},
 BOOKTITLE = {Rings, modules and radicals ({P}roc. {I}nternat. {C}olloq.,
              {K}eszthely, 1971)},
     PAGES = {47--65. Colloq. Math. Soc. J\'{a}nos Bolyai, Vol. 6},
      YEAR = {1973},
   MRCLASS = {16A21},
  MRNUMBER = {0347873},
MRREVIEWER = {W. G. Leavitt},
       DOI = {10.1080/00031305.1972.10478958},
       URL = {https://doi.org/10.1080/00031305.1972.10478958},
}
@article {MR306251,
    AUTHOR = {Krempa, Jan},
     TITLE = {Logical connections between some open problems concerning nil
              rings},
   JOURNAL = {Fund. Math.},
  FJOURNAL = {Polska Akademia Nauk. Fundamenta Mathematicae},
    VOLUME = {76},
      YEAR = {1972},
    NUMBER = {2},
     PAGES = {121--130},
      ISSN = {0016-2736},
   MRCLASS = {16A22},
  MRNUMBER = {306251},
MRREVIEWER = {Susan Williamson},
       DOI = {10.4064/fm-76-2-121-130},
       URL = {https://doi.org/10.4064/fm-76-2-121-130},
}
@article {MR1545158,
    AUTHOR = {K\"{o}the, Gottfried},
     TITLE = {Die {S}truktur der {R}inge, deren {R}estklassenring nach dem
              {R}adikal vollst\"{a}ndig reduzibel ist},
   JOURNAL = {Math. Z.},
  FJOURNAL = {Mathematische Zeitschrift},
    VOLUME = {32},
      YEAR = {1930},
    NUMBER = {1},
     PAGES = {161--186},
      ISSN = {0025-5874},
   MRCLASS = {DML},
  MRNUMBER = {1545158},
       DOI = {10.1007/BF01194626},
       URL = {https://doi.org/10.1007/BF01194626},
}

@book {MR0222106,
    AUTHOR = {Jacobson, Nathan},
     TITLE = {Structure of rings},
    SERIES = {American Mathematical Society Colloquium Publications, Vol.
              37},
   EDITION = {Revised},
 PUBLISHER = {American Mathematical Society, Providence, R.I.},
      YEAR = {1964},
     PAGES = {ix+299},
   MRCLASS = {16.00 (13.00)},
  MRNUMBER = {0222106},
MRREVIEWER = {Carl Faith},
}

@article {MR188253,
    AUTHOR = {Herstein, I. N.},
     TITLE = {A counterexample in {N}oetherian rings},
   JOURNAL = {Proc. Nat. Acad. Sci. U.S.A.},
  FJOURNAL = {Proceedings of the National Academy of Sciences of the United
              States of America},
    VOLUME = {54},
      YEAR = {1965},
     PAGES = {1036--1037},
      ISSN = {0027-8424},
   MRCLASS = {16.25 (16.49)},
  MRNUMBER = {188253},
MRREVIEWER = {Robert Gilmer},
       DOI = {10.1073/pnas.54.4.1036},
       URL = {https://doi.org/10.1073/pnas.54.4.1036},
}